%% This BibTeX bibliography file was created using BibDesk.
%% http://bibdesk.sourceforge.net/


%% Created for Ruofan Zhou at 2015-06-10 12:47:04 +0800 


%% Saved with string encoding Unicode (UTF-8) 



@article{health-1,
	Author = {李焰生},
	Date-Added = {2015-06-10 04:30:25 +0000},
	Date-Modified = {2015-06-10 04:32:20 +0000},
	Journal = {中华老年医学杂志},
	Title = {中国防治认知功能障碍专家共识},
	Volume = {25},
	Year = {2006}}

@book{IEEE-1363,
	Address = {New York},
	Author = {{IEEE Std 1363-2000}},
	Publisher = {IEEE},
	Title = {{IEEE} Standard Specifications for Public-Key Cryptography},
	Year = {2000}}

@inproceedings{kocher99,
	Author = {C. Kocher and J. Jaffe and B. Jun},
	Booktitle = {Advances in Cryptology ({CRYPTO}~'99)},
	Editor = {M. Wiener},
	Month = {August},
	Pages = {388-397},
	Publisher = {Springer-Verlag},
	Series = {Lecture Notes in Computer Science},
	Title = {Differential Power Analysis},
	Volume = {1666},
	Year = {1999}}

@incollection{Krasnogor2004e,
	Address = {New York},
	Author = {N. Krasnogor},
	Booktitle = {Recent Advances in Memetic Algorithms},
	Editor = {W.E. Hart and N. Krasnogor and J.E. Smith},
	Pages = {185-207},
	Publisher = {Springer Berlin Heidelberg},
	Series = {Studies in Fuzziness and Soft Computing},
	Title = {Towards robust memetic algorithms},
	Volume = {166},
	Year = {2004}}

@incollection{zjsw,
	Address = {武汉},
	Author = {班固},
	Booktitle = {传记散文英华},
	Editor = {郑在瀛 and 汪超宏 and 周文复},
	Lang = {zh},
	Pages = {65-69},
	Publisher = {湖北人民出版社},
	Series = {新古文观止丛书},
	Title = {苏武传},
	Volume = {2},
	Year = {1998}}

@inbook{clzs,
	Author = {阎真},
	Chapter = {大人物还是讲人情的},
	Lang = {zh},
	Pages = {185-207},
	Publisher = {人民文学出版社},
	Title = {沧浪之水},
	Year = {2001}}

@book{tex,
	Address = {Reading, MA},
	Author = {Donald E. Knuth},
	Edition = {15th},
	Publisher = {Addison-Wesley Publishing Company},
	Title = {The {\TeX} Book},
	Year = 1989}

@book{companion,
	Address = {Reading, MA},
	Author = {Michel Goosens and Frank Mittelbach and Alexander Samarin},
	Pages = {112--125},
	Publisher = {Addison-Wesley Publishing Company},
	Title = {The {\LaTeX} Companion},
	Year = 1994}

@article{ELIDRISSI94,
	Author = {{Chafik El Idrissi}, M. and {Roney}, A. and {Frigon}, C. and {Larzilli{\`e}re}, M.},
	Journal = {Chemical Physics Letters},
	Number = 10,
	Pages = {260-266},
	Title = {Measurements of total kinetic-energy released to the {$N=2$} dissociation limit of {H}$_2$ --- evidence of the dissociation of very high vibrational {R}ydberg states of {H}$_2$ by doubly-excited states},
	Volume = 224,
	Year = 1994}

@article{MELLINGER96,
	Author = {Mellinger, A. and Vidal, C. R. and Jungen, Ch.},
	Journal = {J. Chem. Phys.},
	Number = 5,
	Pages = {8913-8921},
	Title = {Laser reduced fluorescence study of the carbon-monoxide nd triplet {R}ydberg series-experimental results and multichannel quantum-defect analysis},
	Volume = 104,
	Year = 1996}

@article{SHELL02,
	Author = {Michael Shell},
	Journal = {Journal of {\LaTeX} Class Files},
	Number = 4,
	Pages = {100--120},
	Title = {How to Use the {IEEEtran \LaTeX} Class},
	Volume = 12,
	Year = 2002}

@techreport{NPB2,
	Author = {Alex Woo and David Bailey and Maurice Yarrow and Wijngaart Wijngaart and Tim Harris and William Saphir},
	Institution = {The Pennsylvania State University CiteSeer Archives},
	Month = dec # {~05},
	Title = {The {NAS} Parallel Benchmarks 2.0},
	Url = {http://www.nasa.org/},
	Year = 1995,
	Bdsk-Url-1 = {http://www.nasa.org/}}

@inproceedings{DPMG,
	Address = {Venice, Italy},
	Author = {Kim, Sangbum and Woo, Namyoon and Yeom, Heon Y. and Park, Taesoon and Park, Hyoungwoo},
	Booktitle = {the 10th European PVM/MPI Users' Group Conference},
	Month = sep,
	Title = {Design and {I}mplementation of {D}ynamic {P}rocess {M}anagement for {G}rid-enabled {MPICH}},
	Year = 2003}

@inproceedings{cnproceed,
	Address = {西安, 中国},
	Author = {王重阳 and 黄药师 and 欧阳峰 and 洪七公 and 段皇帝},
	Booktitle = {第~$N$~次华山论剑},
	Lang = {zh},
	Month = sep,
	Title = {武林高手从入门到精通},
	Year = 2006}

@article{cnarticle,
	Author = {贾宝玉 and 林黛玉 and 薛宝钗 and 贾探春},
	Journal = {红楼梦杂谈},
	Lang = {zh},
	Pages = {260--266},
	Title = {论刘姥姥食量大如牛之现实意义},
	Volume = 224,
	Year = 1800}

@mastersthesis{zhubajie,
	Address = {北京},
	Author = {猪八戒},
	Lang = {zh},
	School = {广寒宫大学},
	Title = {论流体食物的持久保存},
	Year = 2005}

@phdthesis{shaheshang,
	Address = {北京},
	Author = {沙和尚},
	Lang = {zh},
	School = {清华大学},
	Title = {论流沙河的综合治理},
	Year = 2005}

@mastersthesis{metamori2004,
	Address = {Blacksburg},
	Author = {Ashwin Raju Jeyakumar},
	Month = jun # {~21},
	School = {Virgina Tech},
	Title = {Metamori: A library for Incremental File Checkpointing},
	Year = 2004}

@phdthesis{FistSystem01,
	Address = {USA},
	Author = {Erez Zadok},
	Month = {May},
	School = {Computer Science Department, Columbia University},
	Title = {{FiST: A System for Stackable File System Code Generation}},
	Year = 2001}

@inbook{ColdSources,
	Author = {P. Gr{\"o}ning and L. Nilsson and P. Ruffieux and R. Clergereaux and O. Gr{\"o}ning},
	Pages = {547--579},
	Publisher = {American Scientific Publishers},
	Title = {Encyclopedia of Nanoscience and Nanotechnology},
	Volume = 1,
	Year = 2004}
